@article{einstein,
    author =       "Albert Einstein",
    title =        "{Zur Elektrodynamik bewegter K{\"o}rper}. ({German})
        [{On} the electrodynamics of moving bodies]",
    journal =      "Annalen der Physik",
    volume =       "322",
    number =       "10",
    pages =        "891--921",
    year =         "1905",
    DOI =          "http://dx.doi.org/10.1002/andp.19053221004"
}

@book{latexcompanion,
    author    = "Michel Goossens and Frank Mittelbach and Alexander Samarin",
    title     = "The \LaTeX\ Companion",
    year      = "1993",
    publisher = "Addison-Wesley",
    address   = "Reading, Massachusetts"
}

@misc{knuthwebsite,
    author    = "Donald Knuth",
    title     = "Knuth: Computers and Typesetting",
    url       = "http://www-cs-faculty.stanford.edu/\~{}uno/abcde.html"
}

@MISC{Unity,
    author = "Unity",
    title= "Unity",
    url = "https://unity.com/de"
}

@MISC{Intel,
    author = "Intel",
    title = "Intel",
    url= "https://www.intelrealsense.com/depth-camera-d435/"
}

@MISC{ComputerBase,
    author= "Computer Base",
    title = "Tiefenkameras {\&}  Co: Intel gibt RealSense zugunsten des Kerngesch{\"a}fts auf",
    url = "https://www.computerbase.de/2021-08/tiefenkameras-und-co-intel-gibt-realsense-zugunsten-des-kerngeschaefts-auf/"
}

@MISC{NuitrackSDK,
    author = "Nuitrack",
    title = "Nuitrack SDK",
    url = "https://nuitrack.com/"
}

@MISC{OntarioTech,
    author = "Faisal Qureshi",
    title = "Homography",
    url = "http://csundergrad.science.uoit.ca/courses/cv-notes/notebooks/19-homography.html"
}

@MISC{HomographyEstimation,
    author = "Yalda Shankar",
    title= "Homography Estimation",
    url= "https://towardsdatascience.com/estimating-a-homography-matrix-522c70ec4b2c"
}
